%Articulos del apartado 1
%introduccion

@misc{website:intro1,
      title = {Esquema Nacional de Seguridad},
      url = {https://www.ccn-cert.cni.es/publico/ens/ens/index.html#!1067}
}

@misc{website:intro2,
      title = {BOE 29/01/2010: Sobre la Seguridad en el Ámbito de la Administración Electrónica},
      url = {www.boe.es/boe/dias/2010/01/29/pdfs/BOE-A-2010-1330.pdf}
}

@misc{website:intro3,
      title = {Informe de amenazas del año 2019 del CCN-CERT},
      url = {https://www.ccn-cert.cni.es/informes/informes-ccn-cert-publicos/4625-ccn-cert-ia-03-20-informe-anual-2019-dispositivos-y-comunicaciones-moviles-1/file.html}
}

@misc{website:intro4,
      title = {El País: Así funciona Pegasus: el software de espionaje más célebre del mundo},
      url = {https://elpais.com/tecnologia/2020-07-18/asi-funciona-pegasus-el-software-de-espionaje-mas-celebre-del-mundo.html}
}

@misc{website:intro5,
      title = {Android Security Team},
      url = {https://groups.google.com/g/android-security-announce/c/aEba2l7U23A}
}

@misc{website:intro6,
      title = {Actualizaciones de seguridad de Apple},
      url = {https://support.apple.com/es-es/HT201222}
}http://scitechconnect.elsevier.com/category/computer-security/

@misc{website:intro7,
      title = {Mobile Malware Attacks and Defense},
      url = {http://www.syngress.com/hacking-and-penetration-testing/Mobile-Malware-Attacks-and-Defense/}
}

@misc{website:intro8,
      title = {El Español: Hackers descubren cómo conectarse a nuestros móviles por Bluetooth, y aún no hay solución},
      url = {https://www.elespanol.com/omicrono/tecnologia/20200911/hackers-descubren-conectar-moviles-bluetooth-no-parches/519948285_0.html}
}

@misc{website:intro9,
      title = {Fuzzing the Phone in your Phone (Black Hat USA 2009)},
      url = {www.blackhat.com/presentations/bh-usa-09/MILLER/BHUSA09-Miller-FuzzingPhone-PAPER.pdf}
}

@misc{website:intro10,
      title = {Security flaw shows 3G, 4G LTE networks are just as prone to stingray phone tracking},
      url = {https://www.zdnet.com/article/stingray-security-flaw-cell-networks-phone-tracking-surveillance/}
}

@misc{website:intro11,
      title = {Security Concerns with NFC Technology},
      url = {http://nearfieldcommunication.org/nfc-security.html}
}

@misc{website:intro12,
      title = {Reference about YXE},
      url = {https://www.f-secure.com/v-descs/worm_symbos_yxe.shtml}
}

@misc{website:intro13,
      title = {Internet Storm Center: sms-vishing for your bank info},
      url = {https://isc.sans.edu/diary/sms-vishing+for+your+bank+info/4507}
}

@misc{website:intro14,
      title = {PDF: Guía de Seguridad de las TIC (CCN-STIC-450) - Seguridad en dispositivos móviles}
}